@BOOK {csduHOL,
    author    = "Shiu-Kai Chin and Susan Older",
    title     = "Certified Security by Design Using Higher Order Logic",
    publisher = "Department of Electrical Engineering and Computer Science Syracuse University, Syracuse, New York 13244",
    year      = "Fall 2016",
    volume    = "1.4 edition"
}

@Book{csduHOL,
  ALTauthor = 	 {Shiu-Kai Chin and Susan Older},
  title = 	 {Certified Security by Design Using Higher Order Logic},
  publisher = 	 {Department of Electrical Engineering and Computer Science Syracuse University, Syracuse, New York 13244},
  year = 	 {Fall 2016},
  OPTkey = 	 {},
  OPTvolume = 	 {},
  OPTnumber = 	 {},
  OPTseries = 	 {},
  OPTaddress = 	 {},
  OPTedition = 	 {1.4 edition},
  OPTmonth = 	 {},
  OPTnote = 	 {},
  OPTannote = 	 {}
}

