%% This BibTeX bibliography file was created using BibDesk.
%% http://bibdesk.sourceforge.net/

%% Created for Medlori Macbook at 2017-01-24 19:26:58 -0500 


%% Saved with string encoding Unicode (UTF-8) 



@book{csbdHOL,
	Address = {Department of Electrical Engineering and Computer Science Syracuse University, Syracuse, New York 13244},
	Author = {Shiu-Kai Chin and Susan Older},
	Date-Added = {2017-01-25 00:23:45 +0000},
	Date-Modified = {2017-01-25 00:26:28 +0000},
	Edition = {1.4},
	Keywords = {HOL, csbd},
	Month = {Fall},
	Title = {{C}ertified {S}ecurity by {D}esign {U}sing {H}igher {O}rder {L}ogic},
	Year = {2016}}
